@Article{np,
title = {Nonparametric Econometrics: The np Package},
author = {Tristen Hayfield and Jeffrey S. Racine},
journal = {Journal of Statistical Software},
year = {2008},
volume = {27},
number = {5},
url = {http://www.jstatsoft.org/v27/i05/}}

  @Manual{R,
    title = {R: A Language and Environment for Statistical Computing},
    author = {{R Development Core Team}},
    organization = {R Foundation for Statistical Computing},
    address = {Vienna, Austria},
    year = {2010},
    note = {{ISBN} 3-900051-07-0},
    url = {http://www.R-project.org},
  }

